<record xmlns="http://www.loc.gov/MARC21/slim" xmlns:xsi="http://www.w3.org/2001/XMLSchema-instance" xsi:schemaLocation="http://www.loc.gov/MARC21/slim http://www.loc.gov/standards/marcxml/schema/MARC21slim.xsd"><leader>00440cz   2200157n  4500</leader><controlfield tag="001">oca00726374 </controlfield><controlfield tag="005">19980228051143.7</controlfield><controlfield tag="008">820402n| acannaab|          |a aaa      </controlfield><datafield ind1=" " ind2=" " tag="010"><subfield code="a">n  82029236 </subfield></datafield><datafield ind1=" " ind2=" " tag="040"><subfield code="a">DLC</subfield><subfield code="c">DLC</subfield><subfield code="d">Uk</subfield></datafield><datafield ind1="0" ind2=" " tag="100"><subfield code="a">Hosidius Geta</subfield></datafield><datafield ind1="1" ind2=" " tag="400"><subfield code="a">Geta, Hosidius</subfield></datafield><datafield ind1="0" ind2=" " tag="400"><subfield code="a">Osidio Geta</subfield></datafield><datafield ind1="1" ind2=" " tag="400"><subfield code="a">Geta, Osidio</subfield></datafield><datafield ind1=" " ind2=" " tag="670"><subfield code="a">His Hosidius Geta's tragedy "Medea," a Vergilian cento, 1919.</subfield></datafield><datafield ind1=" " ind2=" " tag="670"><subfield code="a">His Medea, 1981:</subfield><subfield code="b">t.p. (Osidio Geta)</subfield></datafield></record>